@misc{gpuBlogPost,
	title = {Even more compute shaders},
	author = {Chajdas, Matth√§us},
	note = {\url{https://anteru.net/blog/2018/even-more-compute-shaders/index.html},
		visited 2019-01-17},
}

@inproceedings{taintscope,
	title={TaintScope: A checksum-aware directed fuzzing tool for automatic software vulnerability detection},
	author={Wang, Tielei and Wei, Tao and Gu, Guofei and Zou, Wei},
	booktitle={Security and privacy (SP), 2010 IEEE symposium on},
	pages={497--512},
	year={2010},
	organization={IEEE}
}
